@inproceedings{Xiong-2020-icml,
      title={On Layer Normalization in the Transformer Architecture}, 
      author={Ruibin Xiong and Yunchang Yang and Di He and Kai Zheng and Shuxin Zheng and Chen Xing and Huishuai Zhang and Yanyan Lan and Liwei Wang and Tie-Yan Liu},
      year={2020},
      booktitle={International Conference on Machine Learning (ICML)},
      url={https://arxiv.org/abs/2002.04745},
}

@inproceedings{Cho-2014-emnlp,
    title = "Learning Phrase Representations using {RNN} Encoder{--}Decoder for Statistical Machine Translation",
    author = {Cho, Kyunghyun  and
      van Merri{\"e}nboer, Bart  and
      Gulcehre, Caglar  and
      Bahdanau, Dzmitry  and
      Bougares, Fethi  and
      Schwenk, Holger  and
      Bengio, Yoshua},
    booktitle = "Proceedings of the 2014 Conference on Empirical Methods in Natural Language Processing ({EMNLP})",
    year = "2014",
    url = "https://aclanthology.org/D14-1179/"
}

@inproceedings{Sutskever-2014-neurips,
      title={Sequence to Sequence Learning with Neural Networks}, 
      author={Ilya Sutskever and Oriol Vinyals and Quoc V. Le},
      booktitle = {Conference on Neural Information Processing Systems (NeurIPS)},
      year={2014},
      url={https://arxiv.org/abs/1409.3215}
}

@article{LSTM,
    author = {Hochreiter, Sepp and Schmidhuber, JÃ¼rgen},
    title = {Long Short-Term Memory},
    journal = {Neural Computation},
    volume = {9},
    number = {8},
    pages = {1735-1780},
    year = {1997},
    month = {11},
    url = {https://doi.org/10.1162/neco.1997.9.8.1735}
}

@book{MLBook,
    author = {C. Bishop},
    title = {Pattern Recognition and Machine Learning},
    publisher = {Springer},
    year = 2006
}

@inproceedings{transformer,
    author = {Ashish Vaswani and
                  Noam Shazeer and
                  Niki Parmar and
                  Jakob Uszkoreit and
                  Llion Jones and
                  Aidan N. Gomez and
                  Lukasz Kaiser and
                  Illia Polosukhin},
    title        = {Attention Is All You Need},
    booktitle = {Conference on Neural Information Processing Systems (NeurIPS)},
    year = 2017
}

@inproceedings{Chen-2023-neurips,
 author = {Chen, Yuqi and Ren, Kan and Wang, Yansen and Fang, Yuchen and Sun, Weiwei and Li, Dongsheng},
 booktitle = {Advances in Neural Information Processing Systems (NeurIPS)},
 editor = {A. Oh and T. Naumann and A. Globerson and K. Saenko and M. Hardt and S. Levine},
 title = {ContiFormer: Continuous-Time Transformer for Irregular Time Series Modeling},
 url = {https://proceedings.neurips.cc/paper_files/paper/2023/file/9328208f88ec69420031647e6ff97727-Paper-Conference.pdf},
 year = {2023}
}

@inproceedings{Zerveas-2020-kdd,
      title={A Transformer-based Framework for Multivariate Time Series Representation Learning}, 
      author={George Zerveas and Srideepika Jayaraman and Dhaval Patel and Anuradha Bhamidipaty and Carsten Eickhoff},
      year={2020},
      url={https://arxiv.org/abs/2010.02803},
      booktitle = {ACM SIGKDD Conference on Knowledge Discovery and Data Mining}
}

@inproceedings{Li-2019-neurips,
      title={Enhancing the Locality and Breaking the Memory Bottleneck of Transformer on Time Series Forecasting}, 
      author={Shiyang Li and Xiaoyong Jin and Yao Xuan and Xiyou Zhou and Wenhu Chen and Yu-Xiang Wang and Xifeng Yan},
      booktitle = {Conference on Neural Information Processing Systems (NeurIPS)},
      year={2010},
}

@inproceedings{Xiong-2020-icml,
      title={On Layer Normalization in the Transformer Architecture}, 
      author={Ruibin Xiong and Yunchang Yang and Di He and Kai Zheng and Shuxin Zheng and Chen Xing and Huishuai Zhang and Yanyan Lan and Liwei Wang and Tie-Yan Liu},
      year={2020},
      booktitle={International Conference on Machine Learning (ICML)},
      url={https://arxiv.org/abs/2002.04745},
}

